@article{Althor2016,
  title = {Global Mismatch between Greenhouse Gas Emissions and the Burden of Climate Change},
  author = {Althor, Glenn and Watson, James E. M. and Fuller, Richard A.},
  year = {2016},
  month = feb,
  journal = {Scientific Reports},
  volume = {6},
  number = {1},
  pages = {20281},
  publisher = {Nature Publishing Group},
  issn = {2045-2322},
  doi = {10.1038/srep20281},
  urldate = {2023-04-12},
  copyright = {2016 The Author(s)},
  langid = {english}
}

@article{Amnuaylojaroen2021,
  title = {The Association Between COVID-19, Air Pollution, and Climate Change},
  author = {Amnuaylojaroen, Teerachai and Parasin, Nichapa},
  year = {2021},
  journal = {Frontiers in Public Health},
  volume = {9},
  issn = {2296-2565},
  urldate = {2023-04-08}
}

@misc{Caputo2022,
  title = {Air Pollution Can Amplify Negative Effects of Climate Change},
  author = {Caputo, Anton},
  year = {2022},
  month = sep,
  journal = {UT News},
  urldate = {2023-04-08},
  howpublished = {https://news.utexas.edu/2022/09/23/air-pollution-can-amplify-negative-effects-of-climate-change/},
  langid = {american}
}

@misc{EPA2012,
  title = {Common System of Competent Regulations of the Environmental Protection Administration of the Executive Yuan-Regulations-Greenhouse Gases Such as Carbon Dioxide, Methane, Nitrous Oxide, Hydrofluorocarbons, Sulfur Hexafluoride and Perfluorocarbons Are Air Pollutants},
  urldate = {2023-04-12},
  howpublished = {https://oaout.epa.gov.tw/law/LawContent.aspx?id=GL007322}
}

@article{Li2019,
  title = {Co-Benefits of China's Climate Policy for Air Quality and Human Health in China and Transboundary Regions in 2030},
  author = {Li, Mingwei and Zhang, Da and Li, Chiao-Ting and Selin, Noelle E. and Karplus, Valerie J.},
  year = {2019},
  month = jul,
  journal = {Environmental Research Letters},
  volume = {14},
  number = {8},
  pages = {084006},
  publisher = {IOP Publishing},
  issn = {1748-9326},
  doi = {10.1088/1748-9326/ab26ca},
  urldate = {2023-04-12},
  langid = {english}
}

@article{Markandya2018,
  title = {Health Co-Benefits from Air Pollution and Mitigation Costs of the Paris Agreement: A Modelling Study},
  shorttitle = {Health Co-Benefits from Air Pollution and Mitigation Costs of the Paris Agreement},
  author = {Markandya, Anil and Sampedro, Jon and Smith, Steven J. and Dingenen, Rita Van and {Pizarro-Irizar}, Cristina and Arto, I{\~n}aki and {Gonz{\'a}lez-Eguino}, Mikel},
  year = {2018},
  month = mar,
  journal = {The Lancet Planetary Health},
  volume = {2},
  number = {3},
  pages = {e126-e133},
  publisher = {Elsevier},
  issn = {2542-5196},
  doi = {10.1016/S2542-5196(18)30029-9},
  urldate = {2023-04-08},
  langid = {english},
  pmid = {29615227}
}

@misc{NatureSustainability,
  title = {Air Pollution Reduction and Climate Co-Benefits in China's Industries | Nature Sustainability},
  urldate = {2023-04-08},
  howpublished = {https://www.nature.com/articles/s41893-020-00669-0}
}

@misc{OurWorld2020,
  title = {Emissions by Sector - Our World in Data},
  urldate = {2023-04-12},
  howpublished = {https://ourworldindata.org/emissions-by-sector}
}

@article{Tong2021,
  title = {Health Co-Benefits of Climate Change Mitigation Depend on Strategic Power Plant Retirements and Pollution Controls},
  author = {Tong, Dan and Geng, Guannan and Zhang, Qiang and Cheng, Jing and Qin, Xinying and Hong, Chaopeng and He, Kebin and Davis, Steven J.},
  year = {2021},
  month = dec,
  journal = {Nature Climate Change},
  volume = {11},
  number = {12},
  pages = {1077--1083},
  publisher = {Nature Publishing Group},
  issn = {1758-6798},
  doi = {10.1038/s41558-021-01216-1},
  urldate = {2023-04-08},
  copyright = {2021 The Author(s), under exclusive licence to Springer Nature Limited},
  langid = {english}
}

@misc{UN2019,
  title = {Air Pollution and Climate Change: Two Sides of the Same Coin},
  shorttitle = {Air Pollution and Climate Change},
  year = {Tue, 04/23/2019 - 09:13},
  journal = {UNEP},
  urldate = {2023-04-08},
  chapter = {News and Stories},
  howpublished = {http://www.unep.org/news-and-stories/story/air-pollution-and-climate-change-two-sides-same-coin},
  langid = {english}
}

@misc{USEPA2015,
  type = {Overviews and Factsheets},
  title = {Sources of Greenhouse Gas Emissions},
  author = {US EPA, {\relax OAR}},
  year = {2015},
  month = dec,
  urldate = {2023-04-12},
  howpublished = {https://www.epa.gov/ghgemissions/sources-greenhouse-gas-emissions},
  langid = {english}
}

@article{Warrilow2021,
  title = {Air Pollution and Climate Change},
  author = {Warrilow, David A.},
  year = {2021},
  journal = {Weather},
  volume = {76},
  number = {10},
  pages = {354--354},
  issn = {1477-8696},
  doi = {10.1002/wea.3922},
  urldate = {2023-04-08},
  langid = {english}
}

@misc{WHO,
  title = {WHO Air Pollution},
  urldate = {2023-04-12},
  howpublished = {https://www.who.int/health-topics/air-pollution},
  langid = {english}
}

@misc{WHOAirOutdoor,
  title = {WHO Ambient (Outdoor) Air Pollution},
  urldate = {2023-04-12},
  howpublished = {https://www.who.int/news-room/fact-sheets/detail/ambient-(outdoor)-air-quality-and-health},
  langid = {english}
}

@misc{WorldBank,
  title = {Climate Explainer: Climate Change and Air Pollution},
  shorttitle = {Climate Explainer},
  journal = {World Bank},
  urldate = {2023-04-08},
  howpublished = {https://www.worldbank.org/en/news/ feature/2022/09/01/what-you-need-to-know-about-climate-change-and-air-pollution},
  langid = {english}
}

@misc{WorldBankClimateChange,
  title = {World Bank Climate Change Knowledge Portal},
  urldate = {2023-04-12},
  howpublished = {https://climateknowledgeportal.worldbank.org/},
  langid = {english}
}

@misc{WorldEconomicForum2020,
  title = {Best Ways To Reduce Air Pollution \& Tackle Climate Change Together},
  year = {2020},
  month = jul,
  journal = {World Economic Forum},
  urldate = {2023-04-12},
  howpublished = {https://www.weforum.org/agenda/2020/07/best-ways-reduce-air-pollution-climate-change-together/},
  langid = {english}
}

@article{Yang2021,
  title = {Co-Benefits of Carbon and Pollution Control Policies on Air Quality and Health till 2030 in China},
  author = {Yang, Jinzhao and Zhao, Yu and Cao, Jing and Nielsen, Chris P.},
  year = {2021},
  month = jul,
  journal = {Environment International},
  volume = {152},
  pages = {106482},
  issn = {0160-4120},
  doi = {10.1016/j.envint.2021.106482},
  urldate = {2023-04-08},
  langid = {english}
}
